<record><leader>00000cas a2200000 a 4500</leader><controlfield tag="001">11312924</controlfield><controlfield tag="008">841026d19301931ksuwr ne      0   a0eng d</controlfield><datafield ind1=" " ind2=" " tag="010"><subfield code="a">sn 84030217 </subfield></datafield><datafield ind1=" " ind2=" " tag="040"><subfield code="a">KSH</subfield><subfield code="b">eng</subfield><subfield code="c">KSH</subfield><subfield code="d">NPT</subfield><subfield code="d">OCL</subfield><subfield code="d">OCLCQ</subfield></datafield><datafield ind1=" " ind2=" " tag="042"><subfield code="a">msc</subfield></datafield><datafield ind1="0" ind2=" " tag="130"><subfield code="a">Greeley County news (Tribune, Kan.)</subfield></datafield><datafield ind1="1" ind2="4" tag="245"><subfield code="a">The Greeley County news.</subfield></datafield><datafield ind1=" " ind2=" " tag="260"><subfield code="a">Tribune, Kan. :</subfield><subfield code="b">Chas. H. Emmons, Ida L. Emmons,</subfield><subfield code="c">1930-1931.</subfield></datafield><datafield ind1=" " ind2=" " tag="300"><subfield code="a">2 v. :</subfield><subfield code="b">ill. ;</subfield><subfield code="c">55-61 cm.</subfield></datafield><datafield ind1=" " ind2=" " tag="310"><subfield code="a">Weekly</subfield></datafield><datafield ind1="0" ind2=" " tag="362"><subfield code="a">Vol. 1, no. 1 (July 30, 1930)-v. 2, no. 21 (Dec. 30, 1931).</subfield></datafield><datafield ind1=" " ind2=" " tag="752"><subfield code="a">United States</subfield><subfield code="b">Kansas</subfield><subfield code="c">Greeley</subfield><subfield code="d">Tribune.</subfield></datafield><datafield ind1="0" ind2="4" tag="785"><subfield code="t">Greeley County republican</subfield><subfield code="w">(DLC)sn 84030218</subfield></datafield></record>